@book{harmless,
   title =     {Mostly harmless econometrics: an empiricist's companion},
   author =    {Angrist, Joshua David;Pischke, JÃ¶rn-Steffen},
   publisher = {Princeton University Press},
   isbn =      {9780691120348; 069112034X; 9780691120355; 0691120358},
   year =      {2009},
   url =       {libgen.li/file.php?md5=1e30b583b25afaca5fdda278dccc57f4}}
   
@misc{atharva2021,
    author = {Atharva Aalok}, 
    title = {Professional Plots}, 
    year = {2023},
    howpublished = "\url{https://www.mathworks.com/matlabcentral/fileexchange/100766-professional_plots}",
    note = "[Online; accessed January 22, 2023]"
}
